<record><leader>00000cas a22000007a 4500</leader><controlfield tag="001">11912433</controlfield><controlfield tag="008">850412d18241825ohuwr ne      0    0eng d</controlfield><datafield ind1=" " ind2=" " tag="010"><subfield code="a">sn 85038195 </subfield></datafield><datafield ind1=" " ind2=" " tag="040"><subfield code="a">NPY</subfield><subfield code="b">eng</subfield><subfield code="c">NPY</subfield><subfield code="d">DLC</subfield><subfield code="d">ONP</subfield><subfield code="d">NVK</subfield><subfield code="d">OCL</subfield><subfield code="d">DLC</subfield><subfield code="d">OCLCF</subfield><subfield code="d">OCLCO</subfield></datafield><datafield ind1="1" ind2=" " tag="029"><subfield code="a">AU@</subfield><subfield code="b">000020125274</subfield></datafield><datafield ind1=" " ind2=" " tag="042"><subfield code="a">msc</subfield></datafield><datafield ind1="0" ind2="0" tag="050"><subfield code="a">Newspaper 9312</subfield></datafield><datafield ind1="0" ind2="4" tag="245"><subfield code="a">The Star &amp; gazette.</subfield></datafield><datafield ind1="1" ind2="0" tag="246"><subfield code="a">Star and gazette</subfield></datafield><datafield ind1=" " ind2=" " tag="260"><subfield code="a">Lebanon, Ohio :</subfield><subfield code="b">[W.A.] Camron &amp; [W.] Sellers,</subfield><subfield code="c">1824-1825.</subfield></datafield><datafield ind1=" " ind2=" " tag="300"><subfield code="a">2 v. ;</subfield><subfield code="c">52 cm.</subfield></datafield><datafield ind1=" " ind2=" " tag="310"><subfield code="a">Weekly</subfield></datafield><datafield ind1="0" ind2=" " tag="362"><subfield code="a">New ser., v. 2, no. 45 (June 19, 1824)-v. 4, no. 5 (Sept. 5, 1825) = Whole no. 162-whole no. 236.</subfield></datafield><datafield ind1=" " ind2=" " tag="530"><subfield code="a">Available on microfilm from Bell &amp; Howell.</subfield></datafield><datafield ind1=" " ind2="0" tag="651"><subfield code="a">Lebanon (Warren County, Ohio : Civil jurisdiction)</subfield><subfield code="v">Newspapers.</subfield></datafield><datafield ind1=" " ind2="7" tag="655"><subfield code="a">Newspapers.</subfield><subfield code="2">fast</subfield><subfield code="0">(OCoLC)fst01423814</subfield></datafield><datafield ind1=" " ind2="7" tag="651"><subfield code="a">Ohio</subfield><subfield code="z">Lebanon (Warren County : Civil jurisdiction)</subfield><subfield code="2">fast</subfield><subfield code="0">(OCoLC)fst01754244</subfield></datafield><datafield ind1="1" ind2=" " tag="700"><subfield code="a">Camron, William A.</subfield></datafield><datafield ind1="1" ind2=" " tag="700"><subfield code="a">Sellers, William.</subfield></datafield><datafield ind1=" " ind2=" " tag="752"><subfield code="a">United States</subfield><subfield code="b">Ohio</subfield><subfield code="c">Warren</subfield><subfield code="d">Lebanon.</subfield></datafield><datafield ind1="0" ind2="0" tag="780"><subfield code="t">Western star &amp; Lebanon gazette (Lebanon, Ohio : 1822)</subfield><subfield code="w">(DLC)sn 85038194</subfield></datafield><datafield ind1="0" ind2="0" tag="785"><subfield code="t">Western star and Lebanon gazette (Lebanon, Ohio : 1825)</subfield><subfield code="w">(DLC)sn 85038196</subfield></datafield></record>